@Manual{iselthesis,
	title        = {{The ISELthesis \LaTeX\ Template's Manual}},
	author       = {Matilde M.P. Pato},
	organization = {Instituto Superior de Engenharia de Lisboa (ISEL-IPL)},
	year         = {2024},
	url          = {https://github.com/matpato/iselthesis},
  keywords =     {master thesis, template, ISEL, DEETC},
}
